3134 5125
1125 366 1653 459 CARMINUM
1706 396 1759 463 1.
1809 402 1909 463 12.

2632 410 2717 474 33

657 564 862 659 Qui-:151
893 564 1098 628 virum
1125 574 1240 632 aut
1269 568 1464 631 heroa
1492 569 1629 653 lyra
1656 569 1755 633 vel
1783 571 1917 634 acri

656 660 838 726 Tibia
867 664 1066 728 sumis
1096 665 1432 744 celebrare,
1471 666 1625 746 Olio,

655 762 858 841 Quem
887 763 1078 826 deum
1099 767 1130 828 ’ὲ
1211 764 1409 852 Cujus
1438 767 1683 833 recinet
1702 769 1931 853 jocosa

735 860 984 925 Nomen
1012 862 1222 949 imago
1259 878 1270 888 ·

652 959 790 1025 Aut
818 960 881 1023 in
915 964 1230 1027 umbrosis
1264 964 1595 1028 Heliconis
1625 965 1757 1030 oris
2329 990 2359 1035 5

652 1057 790 1123 Aut
819 1081 1011 1146 super
1044 1061 1270 1141 Pindo,
1303 1064 1593 1149 gelidove
1625 1064 1690 1128 in
1723 1065 1976 1130 Haemo

651 1154 842 1220 Unde
871 1161 1153 1224 vocalem
1183 1168 1422 1226 temere
1452 1162 1783 1228 insecutae

735 1255 990 1343 Orphea
1019 1260 1214 1324 silvae

647 1351 813 1419 Arte
841 1364 1132 1443 materna
1160 1360 1418 1445 rapidos
1445 1366 1803 1423 morantem

649 1452 1010 1519 Fluminum
1039 1458 1256 1544 lapsus
1285 1458 1647 1543 celeresque
1670 1466 1915 1538 ventoS,

2292 1482 2357 1527 10

647 1549 960 1618 Blandum
991 1564 1059 1621 et
1087 1558 1330 1621 aurita-a
1357 1556 1593 1621 fidibus
1622 1557 1873 1622 canoris

728 1651 982 1718 Ducere
1011 1659 1322 1741 quercus?

644 1751 810 1832 Quid
839 1752 1016 1837 prius
1047 1754 1254 1818 dicam
1283 1754 1488 1819 solitis
1516 1754 1803 1840 parentis

645 1848 988 1933 LaudibuS,
1022 1853 1129 1939 qui
1159 1876 1262 1917 res
1292 1852 1616 1917 hominum
1643 1875 1721 1917 ac
1751 1854 2033 1931 deorum,

645 1948 767 2029 Qui
793 1958 970 2015 mare
1001 1974 1077 2016 ac
1105 1960 1314 2017 terras
1344 1950 1659 2037 variisque
1687 1953 1993 2016 mundum

728 2048 1071 2136 Temperat
1099 2051 1316 2115 horis?

2290 1973 2351 2019 15

641 2144 836 2213 Unde
863 2149 950 2213 nil
977 2151 1188 2235 majus
1213 2156 1557 2236 generatur
1584 2148 1743 2235 ipsc,

641 2244 777 2310 Nec
808 2248 982 2334 viget
1010 2250 1356 2335 quidquam
1385 2247 1589 2314 simile
1616 2255 1733 2313 aut
1762 2250 2150 2313 secundum:

642 2344 980 2411 Proximos
1009 2348 1095 2411 illi
1127 2356 1342 2413 tamen
1372 2347 1709 2433 occupavit

726 2444 942 2509 Pallas
970 2446 1261 2511 honores,

2281 2466 2349 2511 20

641 2543 909 2648 Pr‘BEffiS
938 2547 1150 2610 audax
1179 2568 1383 2632 neque
1412 2551 1480 2611 te
1511 2544 1711 2610 silebo

639 2642 830 2707 Liber
859 2651 928 2708 et
955 2645 1162 2710 saevis
1189 2645 1444 2708 inimica
1475 2644 1681 2731 Virgo

354 2843 404 2888 2.
435 2843 588 2890 sumis
621 2842 907 2905 celebras-ed
980 2843 1070 2892 See
1093 2844 1150 2893 C.
1178 2845 1210 2891 i.
1251 2839 1292 2892 1'.
1329 2845 1376 2901 8,
1400 2857 1450 2890 n.

281 2905 482 2952 Horace
513 2907 714 2955 invokea
745 2907 829 2956 the
864 2908 1034 2956 Muses
1069 2909 1270 2956 without
1307 2908 1452 2956 much

279 2970 695 3030 discrimination3
729 2972 818 3020 but
850 2974 956 3021 clio
987 2974 1032 3022 ia
1051 2979 1140 3021 not
1159 2973 1452 3035 improperly

278 3035 495 3083 invoked
529 3036 644 3084 here
680 3053 734 3084 aa
772 3037 856 3085 the
893 3053 1030 3086 mnae
1067 3039 1123 3085 of
1153 3038 1356 3100 history,
1399 3043 1452 3086 to

277 3099 445 3147 which
467 3099 550 3148 the
569 3117 735 3150 names
755 3103 813 3150 of
837 3102 920 3150 the
946 3103 1170 3151 worthiea
1189 3102 1452 3150 recounted

278 3163 480 3226 belong.
548 3166 760 3228 Calliope
775 3167 862 3215 the
883 3167 1004 3230 Epic
1025 3183 1162 3216 muse
1181 3169 1224 3215 ia
1244 3167 1452 3214 invoked

279 3228 346 3277 C.
371 3229 437 3276 iii.
461 3232 508 3277 4.
533 3233 590 3288 2;
628 3231 940 3294 Melpomene
960 3233 1044 3280 the
1067 3233 1219 3296 tragic
1240 3233 1280 3279 ia
1301 3231 1450 3280 aaked

277 3293 364 3342 for
383 3309 414 3341 a
434 3294 564 3356 dirge
585 3296 618 3343 i.
642 3300 721 3344 24.
745 3298 806 3355 33
841 3297 1056 3360 Euterpe
1076 3297 1170 3346 and
1197 3297 1450 3358 Polymnia

276 3359 371 3406 the
413 3374 589 3446 proper
626 3360 748 3422 lyric
788 3377 950 3410 musea
1000 3377 1146 3410 occur
1194 3363 1229 3408 i.
1278 3365 1322 3410 l.
1366 3363 1447 3409 33.

277 3428 296 3451 ⁸
317 3423 490 3485 Imago
550 3425 590 3473 is
627 3427 746 3473 used
781 3427 1050 3489 absolutely
1091 3427 1168 3474 for
1201 3427 1285 3474 the
1329 3425 1450 3473 echo

277 3487 386 3552 (for
405 3489 559 3536 which
580 3491 664 3538 the
687 3491 902 3538 Romans
923 3492 1018 3539 had
1041 3507 1106 3539 no
1133 3490 1446 3552 correspond-

273 3555 370 3614 ing
389 3553 534 3617 term)
559 3554 623 3616 by
646 3554 828 3612 Cicer0,
852 3555 996 3604 Tuae.
1017 3557 1084 3604 ιιι.
1109 3560 1171 3605 2:
1197 3560 1228 3584 ‘⁶
1247 3571 1305 3603 ea
1320 3555 1446 3618 (laus

272 3617 542 3682 bonorum)
563 3620 727 3667 virtuti
747 3626 942 3668 resonat
973 3627 1202 3683 tanquam
1235 3618 1445 3682 imago.”

271 3683 437 3745 Virgil
474 3684 604 3745 givea
644 3685 730 3732 the
761 3685 848 3732 full
875 3687 1152 3748 expression
1176 3685 1348 3746 Georg.
1381 3685 1444 3732 iv.

275 3751 377 3797 50:
427 3753 458 3776 ‘⁸
477 3749 718 3812 Vocisque
761 3751 946 3798 offensa
987 3752 1190 3798 multat
1230 3747 1444 3812 imago.”

274 3813 375 3861 See
397 3812 451 3861 C.
475 3813 506 3860 i.
531 3817 610 3863 20.
637 3815 684 3862 8.

349 3879 425 3926 15.
459 3881 703 3940 varitbque
717 3879 972 3942 mundum]
1013 3884 1026 3908 ⁴
1045 3878 1312 3928 Mundnm'
1333 3881 1450 3928 here

272 3942 491 4005 signifies
513 3943 596 3990 the
617 3943 706 4007 sky
728 3959 781 3991 aa
801 3944 854 3991 in
878 3945 1052 4006 Georg.
1075 3945 1107 3992 i.
1133 3947 1230 3994 240
1247 3963 1330 3991 2-

271 4034 307 4061 “
326 4032 549 4080 Mundus
597 4038 654 4081 ut
705 4035 766 4082 ad
812 4033 1055 4097 Scythiam
1113 4035 1448 4098 Rhipaeasque

391 4097 568 4145 arduus
589 4113 721 4146 arces

323 4161 604 4224 Consurgit,
649 4163 882 4224 premitur
913 4163 1095 4226 Libyae
1143 4163 1350 4212 devexus
1395 4165 1444 4212 in

388 4227 648 4276 Austroa.”

271 4305 388 4354 And
409 4305 604 4353 Lucret.
628 4321 674 4352 v.
704 4307 830 4354 1436
845 4324 927 4353 :—

272 4400 304 4425 ⁸¹
323 4396 393 4444 At
415 4396 580 4457 vigila
615 4396 782 4444 mundi
811 4411 1038 4458 magnum
1061 4395 1286 4446 versatili'
1313 4401 1439 4446 tem-

319 4461 486 4574 8011)(ξὲι
487 4477 614 4576 alum
634 4541 722 4576 suo
743 4527 1004 4576 lustrantes
1014 4527 1196 4576 lumine
1209 4526 1422 4576 circum!
1427 4526 1440 4550 ’

1591 2843 1664 2898 17.
1712 2843 1841 2890 unde
1878 2842 1952 2890 m‘l
1988 2842 2168 2903 majus]
2272 2841 2475 2892 ‘Unde’
2520 2858 2689 2892 occul-a

1517 2907 1699 2954 several
1720 2908 1861 2955 times
1880 2908 1931 2954 in
1956 2905 2145 2954 Horace
2178 2921 2233 2952 as
2252 2907 2483 2968 referring
2503 2911 2555 2955 to
2576 2923 2688 2968 per-

1519 2987 1634 3019 sons
1658 2971 1759 3035 (aee
1793 2970 1989 3034 Index).
2058 2971 2149 3017 See
2180 2971 2281 3018 also
2315 2986 2491 3032 among
2522 2972 2686 3020 ethera

1520 3037 1688 3084 Cicero
1719 3036 1781 3084 de
1816 3037 2002 3084 Senoet.
2035 3037 2084 3084 4.
2113 3037 2204 3084 12:
2242 3041 2271 3062 ‘⁸
2292 3035 2393 3082 fore
2424 3035 2555 3083 unde
2585 3036 2683 3084 dis·
2756 3033 2794 3073 ’-

1517 3116 1673 3148 cerem
1707 3099 2002 3148 neminem.”
2067 3099 2265 3148 Terent.
2300 3099 2429 3146 Eun.
2460 3100 2491 3147 i.
2518 3103 2562 3149 2.
2586 3103 2681 3148 35:

1518 3170 1548 3193 ‘⁶
1569 3166 1613 3212 E
1653 3165 1973 3228 praedonibus
2014 3164 2144 3211 unde
2177 3169 2360 3212 emerat
2402 3179 2454 3212 ae
2496 3163 2684 3214 audisse

1515 3229 1756 3278 dicebat.''

1585 3297 1659 3344 19.
1696 3293 1984 3356 Proximos]
2054 3293 2174 3341 This
2196 3293 2453 3355 signifying
2467 3293 2553 3341 the
2565 3297 2681 3342 next

1513 3360 1566 3406 in
1589 3359 1730 3407 order
1752 3360 1958 3408 without
1978 3358 2217 3406 reference
2248 3366 2302 3406 to
2332 3358 2544 3406 distance
2566 3359 2683 3408 does

1514 3429 1604 3472 not
1626 3425 1892 3472 contradict
1918 3423 2048 3472 what
2068 3439 2183 3484 goea
2216 3423 2395 3472 before.
2465 3429 2477 3451 ⁴
2500 3423 2680 3472 Secun-

1514 3487 1657 3537 dum’
1698 3504 1863 3538 meana
1900 3490 2027 3536 close
2064 3489 2341 3551 proximity.
2423 3487 2543 3536 Thia
2585 3489 2681 3538 will

1510 3569 1691 3682 :effi
1707 3553 2078 3680 m⁰sem¹igm
2093 3550 2677 3666 .f:3„⁰;.‘3¹30‘⁰....0<¹35.⁰2¹²3·

1510 3685 1647 3731 tonio
1680 3685 1739 3732 L.
1771 3684 2019 3746 Philippus
2050 3684 2266 3745 proxime
2298 3683 2569 3741 accedebat,
2594 3683 2681 3732 sed

1509 3747 1656 3810 longo
1692 3749 1944 3796 intervallo
1974 3753 2137 3796 tamen
2170 3749 2432 3810 proximus.
2508 3747 2681 3810 Itaque

1513 3828 1623 3862 eum
1647 3814 1739 3862 etsi
1759 3829 1903 3861 nemo
1934 3812 2247 3861 antecedebat
2272 3813 2356 3875 qui
2378 3827 2429 3860 ae
2450 3812 2518 3859 illi
2541 3819 2676 3860 ante-

1511 3878 1661 3926 ferret
1696 3893 1855 3941 neque
1890 3878 2154 3926 secundum
2187 3883 2351 3926 tamen
2386 3892 2543 3938 neque
2575 3883 2678 3924 ter-

1511 3944 1635 3990 tium
1656 3943 1872 3991 dixerim.
1940 3943 2027 3997 Me
2060 3943 2189 3990 enim
2220 3942 2273 3989 in
2302 3941 2542 4003 quadrigis
2564 3957 2675 3989 eum

1513 4008 1776 4057 secundum
1810 4008 2177 4064 numeraverim,
2210 4011 2296 4053 aut
2342 4005 2554 4062 tertium,
2592 4007 2677 4069 qui

1508 4074 1589 4120 vix
1607 4088 1635 4120 e
1650 4073 1915 4120 carceribus
1930 4073 2097 4119 exierit
2112 4087 2220 4118 cum
2235 4071 2445 4132 palmam
2457 4071 2559 4146 jam
2575 4071 2675 4132 pri-

1507 4153 1617 4250 ἓξὲξ
1634 4135 2425 4264 ἓιῖξῗέῖᾞὲωῗῖέηῗῗὲοζέῗιέἰῑ,
2440 4141 2673 4247 „ffiffig

1505 4281 1610 4315 esee
1631 4266 1896 4314 videamr.”
1965 4266 2120 4314 Pallae
2149 4264 2191 4312 is
2225 4265 2325 4312 said
2357 4270 2409 4312 to
2443 4263 2559 4311 hold
2590 4264 2675 4312 the

1504 4339 1623 4380 next
1649 4333 1784 4394 place
1816 4337 1869 4379 to
1900 4331 2110 4392 Jupiter,
2144 4334 2233 4376 not
2277 4329 2545 4390 absolutely
2584 4329 2675 4376 but

1503 4413 1685 4458 among
1722 4397 1862 4445 those
1902 4395 2017 4458 ‘qui
2061 4400 2350 4456 generantur
2395 4391 2535 4456 ipso,’
2576 4392 2673 4440 and

1505 4463 1622 4526 only
1644 4462 1780 4510 these
1802 4477 1882 4510 are
1904 4459 2197 4509 mentioned.

2286 4609 2325 4648 D
2360 4579 2365 4588 .
