3134 5125
472 345 510 413 7
514 347 595 409 32
1216 340 1527 406 INDEX
1575 340 2126 408 CARMINUM.

726 514 1017 564 Mina-arum
1038 517 1113 561 esi:
1132 528 1290 577 neque
1310 514 1461 562 amori
1483 513 1598 562 dm
1616 514 1786 563 ludum
1806 529 1965 578 neque
1985 515 2130 576 dulei,
2155 515 2214 565 C.
2236 515 2303 566 iii.
2333 517 2409 566 12.

726 579 894 628 Mollis
914 579 1085 627 inm-tie
1105 593 1190 627 cur
1210 583 1395 626 tantam
1417 579 1663 627 diffuderit
1682 579 1808 638 imis,
1832 579 1987 642 Epod.
2010 581 2106 630 xiv.

727 645 973 692 Montium
996 648 1156 691 custos
1178 659 1538 706 nemorumque,
1561 643 1727 706 Virgo,
1751 644 1808 693 C.
1831 645 1897 692 iii.
1920 647 2002 694 22.

725 709 919 758 Motum
942 723 1001 757 ex
1024 708 1225 756 Metello
1246 709 1439 756 consule
1460 707 1678 765 dvicum,
1702 708 1759 757 C.
1777 709 1826 756 ii.
1856 712 1898 758 1.

727 774 883 822 Musis
903 774 1083 821 amicus
1102 772 1345 820 iristitiam
1367 779 1416 820 et
1436 777 1609 828 metus,
1633 773 1690 821 C.
1711 773 1745 821 i.
1767 775 1848 822 26.

724 839 867 887 Natis
887 838 939 886 in
958 852 1100 886 usum
1122 837 1331 884 laetitiae
1351 837 1558 900 scyphis,
1583 837 1638 886 C.
1655 837 1689 884 i.
1712 839 1794 894 27.

725 903 805 951 Ne
824 903 949 950 forte
970 902 1133 950 aedas
1153 903 1420 960 interitum,
1444 917 1584 964 quae,
1608 901 1665 950 C.
1689 903 1752 950 iv.
1777 905 1824 952 9.

724 967 805 1016 Ne
826 968 891 1015 sit
910 967 1106 1014 ancillae
1126 967 1216 1014 tibi
1238 982 1373 1014 umor
1393 966 1580 1030 pudori,
1605 966 1662 1015 C.
1686 967 1735 1014 ii.
1761 969 1808 1015 4.

723 1031 865 1081 Nolis
885 1032 1031 1094 longe
1050 1031 1178 1080 ferae
1199 1031 1325 1079 bella
1346 1031 1655 1090 Numantiae,
1680 1032 1737 1081 C.
1759 1031 1809 1079 ii.
1839 1034 1914 1081 12.

722 1097 956 1145 Nondum
978 1095 1175 1144 subacta
1193 1095 1318 1144 ferre
1333 1096 1505 1157 jugum
1528 1095 1672 1154 valet,
1699 1095 1756 1146 C.
1777 1097 1828 1144 ii.
1851 1099 1900 1144 5.

723 1163 839 1211 Non
860 1161 982 1208 ebur
1002 1175 1159 1224 neque
1179 1175 1392 1217 aureum,
1416 1159 1472 1209 C.
1495 1161 1546 1207 ii.
1576 1161 1652 1208 18.

722 1227 841 1275 Nou
861 1241 1050 1288 semper
1069 1225 1246 1272 imbres
1266 1223 1474 1272 nubibus
1494 1224 1723 1286 hispidos,
1745 1223 1805 1274 C.
1827 1225 1878 1273 ii.
1901 1227 1950 1275 9.

723 1291 839 1338 Νοιι
860 1292 1038 1339 usitata
1058 1305 1146 1338 nec
1166 1290 1302 1338 tenui
1321 1289 1459 1346 ferar,
1486 1288 1541 1337 C.
1566 1289 1616 1338 ii.
1640 1291 1722 1338 20.

721 1356 839 1404 Νοιι
859 1355 1007 1412 vides,
1032 1358 1212 1418 quanto
1236 1369 1423 1403 moveas
1444 1353 1639 1416 periclo,
1663 1353 1718 1402 C.
1743 1353 1810 1401 iii.
1829 1355 1909 1402 20.

720 1421 835 1468 Nox
856 1425 959 1468 eret
980 1425 1031 1467 et
1051 1420 1181 1468 eaelo
1202 1418 1415 1480 fulgebat
1437 1418 1580 1465 Luna
1599 1433 1783 1476 sereno,
1807 1417 1964 1480 Epod.
1985 1433 2066 1469 xv.

720 1484 934 1541 Nullam,
956 1483 1101 1541 Vere,
1124 1499 1257 1531 sacra
1276 1483 1373 1531 vite
1394 1482 1525 1544 prius
1546 1483 1722 1531 severis
1741 1484 1976 1542 arborem,
2000 1483 2059 1533 C.
2081 1482 2113 1532 i.
2139 1487 2219 1533 18.

721 1550 899 1597 Nullus
920 1552 1117 1610 argento
1139 1548 1269 1595 color
1288 1553 1364 1596 est
1384 1548 1553 1605 avaris,
1577 1547 1634 1596 C.
1656 1547 1706 1595 ii.
1730 1549 1778 1595 2.

717 1615 867 1663 Nunc
886 1617 959 1660 eet
982 1613 1256 1671 bibendum,
1280 1627 1409 1660 nune
1428 1612 1551 1674 pede
1572 1611 1738 1670 libero,
1762 1612 1818 1661 C.
1842 1612 1875 1660 ἰ.
1899 1613 1979 1668 37.

720 1679 767 1727 Ο
790 1678 992 1726 crudelis
1013 1677 1171 1725 adhuc
1190 1681 1242 1725 et
1266 1677 1463 1724 Vena-is
1484 1676 1762 1724 muneribus
1783 1681 1972 1738 pohens,
1995 1675 2054 1726 C.
2075 1676 2139 1725 iv.
2167 1677 2243 1726 10.

719 1742 767 1791 Ο
790 1743 911 1800 dive,
934 1747 1123 1804 gratum
1146 1757 1269 1804 quae
1289 1741 1413 1803 reg-is
1434 1741 1652 1798 Antium,
1676 1741 1733 1789 C.
1755 1743 1788 1788 i.
1813 1743 1894 1790 35.

717 1807 765 1856 Ο
785 1808 893 1855 fons
915 1807 1198 1864 Bandusiae,
1221 1805 1511 1868 splendidior
1528 1805 1670 1864 vitro,
1693 1805 1750 1854 C.
1772 1805 1840 1854 iii.
1866 1808 1944 1855 13.

717 1871 765 1920 Ο
786 1876 939 1919 matre
960 1871 1159 1934 pulchra
1178 1871 1277 1918 filia
1296 1870 1553 1932 pulchrior,
1579 1871 1635 1918 C.
1658 1869 1690 1916 i.
1720 1873 1796 1918 16.

717 1936 765 1985 Ο
786 1941 903 1984 nata
923 1951 1111 1984 mecum
1132 1935 1326 1983 consule
1348 1935 1551 1992 Manlio,
1575 1934 1632 1983 C.
1654 1935 1721 1982 iii.
1745 1936 1826 1983 21.

718 2003 765 2051 Ο
786 2001 936 2059 navis,
959 2001 1167 2048 referent
1187 2001 1239 2046 in
1260 2014 1391 2047 mare
1412 2004 1463 2048 te
1482 1999 1611 2056 novi,
1636 1998 1694 2047 C.
1715 1999 1748 2045 i.
1777 2000 1854 2047 14.

716 2066 764 2115 Ο
786 2081 927 2128 saepe
949 2080 1137 2113 mecum
1160 2069 1349 2126 tempus
1370 2064 1421 2111 in
1442 2063 1682 2122 ultimum,
1707 2061 1766 2111 C.
1787 2063 1838 2110 ii.
1863 2064 1911 2119 7.

715 2131 762 2179 Ο
783 2131 965 2185 Venus,
988 2130 1151 2191 regina
1173 2129 1315 2177 Cnidi
1335 2128 1597 2190 Pephique,
1621 2127 1678 2176 C.
1701 2127 1736 2174 i.
1759 2129 1839 2176 30.

714 2195 812 2244 Odi
832 2194 1085 2257 profanum
1106 2193 1275 2255 vulgus
1298 2197 1347 2240 et
1368 2207 1521 2251 emec,
1545 2192 1603 2241 C.
1627 2191 1693 2240 iii.
1721 2194 1765 2240 1.

714 2259 885 2308 Otium
907 2259 1043 2306 divos
1062 2262 1200 2319 roget
1220 2258 1271 2304 in
1292 2261 1504 2319 patente,
1528 2256 1586 2305 C.
1609 2257 1658 2304 ii.
1689 2257 1762 2304 16.

714 2322 907 2371 Pardua
923 2321 1116 2384 junctus
1138 2323 1361 2383 quau'unt
1380 2322 1627 2379 fenestras,
1651 2321 1708 2369 C.
1731 2321 1765 2368 i.
1788 2322 1868 2368 25.

711 2387 888 2436 Parcus
910 2386 1106 2434 deorum
1130 2386 1284 2434 cultor
1306 2389 1355 2433 et
1374 2385 1668 2448 infrequens,
1692 2385 1747 2433 C.
1770 2385 1803 2433 i.
1827 2386 1908 2434 34.

710 2451 927 2500 Parentis
948 2451 1063 2498 olim
1084 2449 1125 2498 si
1146 2450 1254 2512 quis
1272 2449 1421 2512 impia
1440 2465 1603 2507 manu,
1627 2449 1783 2512 Epod.
1804 2449 1872 2497 iii.

711 2517 881 2566 Pastor
902 2531 1011 2565 cum
1032 2515 1245 2565 traheret
1266 2529 1353 2579 per
1372 2515 1494 2564 stete
1514 2513 1731 2573 navibus,
1754 2514 1810 2564 C.
1833 2514 1869 2564 i.
1894 2515 1970 2564 15.

710 2582 923 2631 Punicos
944 2580 1037 2639 odi,
1060 2596 1195 2643 puer,
1218 2584 1491 2643 appu-etue,
1514 2580 1572 2630 C.
1595 2581 1629 2629 i.
1653 2582 1732 2629 38.

711 2647 855 2705 Petti,
879 2646 999 2694 nihil
1022 2660 1100 2693 me
1120 2646 1243 2694 sicut
1261 2650 1405 2693 antee
1419 2645 1572 2706 juvat,
1591 2644 1749 2706 Epod.
1771 2644 1838 2692 xi.

685 2736 693 2743 ·
712 2712 905 2761 Phoebe
926 2712 1245 2773 silvarumque
1267 2715 1438 2772 potens
1458 2709 1632 2767 Diana,
1658 2710 1819 2758 Cau-m.
1843 2708 1950 2757 See.

712 2777 935 2826 Phoebus
957 2776 1195 2824 volentem
1216 2775 1396 2837 proelia
1417 2790 1495 2822 me
1515 2774 1664 2837 loqui,
1688 2773 1746 2821 C.
1769 2774 1832 2821 iv.
1860 2775 1937 2822 15.

712 2842 972 2889 Pindarum
994 2840 1209 2904 quisquis
1230 2840 1391 2888 studet
1411 2839 1654 2895 aemulari,
1678 2837 1734 2885 C.
1757 2838 1818 2886 iv.
1843 2841 1892 2886 2.

712 2906 972 2954 Poscimur.
1040 2905 1091 2953 Si
1114 2904 1229 2967 quid
1248 2906 1384 2952 vacui
1406 2904 1493 2951 sub
1516 2901 1702 2961 umbre,
1726 2902 1782 2951 C.
1805 2902 1838 2950 i.
1862 2904 1945 2951 32.

712 2971 851 3024 Quae
872 2984 985 3018 cure
1002 2974 1197 3031 petrum
1218 2984 1399 3033 quaeve
1420 2968 1696 3024 Quiritium,
1720 2966 1777 3015 C.
1800 2968 1863 3014 iv.
1890 2968 1969 3015 14.

712 3035 917 3088 Qualem
940 3035 1209 3083 ministrum
1232 3033 1445 3082 fulminis
1467 3033 1646 3089 alitem,
1671 3030 1728 3079 (ζ’.
1751 3032 1815 3080 iv.
1838 3033 1887 3080 4.

710 3100 915 3153 Quando
937 3104 1183 3161 repostum
1207 3098 1480 3146 Caecubum
1502 3096 1563 3144 ad
1585 3097 1730 3145 festas
1751 3096 1913 3159 dapes,
1937 3095 2092 3158 Epod.
2115 3095 2182 3143 ix.

710 3164 959 3217 Quantum
981 3162 1127 3211 distet
1146 3164 1207 3211 ab
1231 3163 1426 3220 Ineclm,
1450 3162 1507 3210 C.
1530 3162 1597 3209 iii.
1625 3162 1701 3211 19.

710 3228 869 3281 Quem
890 3232 961 3285 tu,
984 3226 1310 3291 Melpomene,
1334 3227 1498 3284 semel,
1523 3226 1582 3275 C.
1605 3226 1668 3272 iv.
1691 3227 1740 3274 3.

709 3293 868 3346 Quem
882 3294 1037 3340 virum
1059 3296 1143 3341 aut
1163 3293 1309 3339 heron
1330 3293 1431 3353 lyra
1449 3291 1526 3338 vel
1546 3290 1659 3347 acri,
1684 3289 1740 3338 C.
1763 3289 1797 3336 i.
1825 3290 1900 3337 12.

709 3358 840 3411 Quid
861 3358 1111 3405 bellicosus
1134 3356 1373 3405 Cantaber
1394 3358 1443 3402 et
1466 3355 1684 3417 Scythes,
1708 3353 1766 3402 C.
1788 3354 1838 3401 ii.
1868 3354 1943 3402 11.

710 3423 842 3476 Quid
862 3422 1133 3470 dedicatum
1154 3421 1308 3482 poscit
1329 3419 1619 3481 Apollinem,
1645 3418 1701 3467 C.
1725 3418 1757 3465 i.
1781 3420 1861 3466 31.

709 3487 837 3539 Quid
860 3488 963 3545 fles,
986 3486 1189 3541 Asterie,
1212 3497 1356 3546 quem
1377 3484 1467 3531 tibi
1488 3484 1692 3541 eaudidi,
1717 3482 1773 3531 C.
1796 3482 1862 3530 iii.
1886 3482 1934 3537 7.

709 3553 836 3606 Quid
860 3552 1162 3599 immerentes
1184 3549 1396 3610 hospites
1418 3563 1576 3604 vexas,
1600 3548 1746 3605 canis,
1771 3546 1929 3609 Epod.
1949 3546 2013 3594 vi.

709 3617 838 3670 Quid
858 3615 947 3664 fibi
966 3616 1054 3672 vis,
1078 3614 1247 3661 mulier
1266 3614 1413 3675 nigris
1434 3612 1710 3675 dignissima
1728 3610 1896 3669 barris,
1919 3611 2075 3675 Epod.
2096 3610 2180 3659 xii.

708 3682 831 3735 Quis
852 3680 1082 3729 desiderio
1104 3679 1167 3726 sit
1189 3678 1343 3740 pudor
1362 3683 1448 3726 eut
1469 3678 1654 3736 modus,
1679 3677 1736 3725 C.
1758 3676 1792 3723 i.
1816 3677 1896 3723 24.

707 3746 831 3797 Quis
852 3746 1004 3794 multa
1023 3743 1208 3805 gracilis
1228 3748 1279 3791 te
1299 3757 1419 3807 puer
1438 3743 1491 3789 in
1510 3758 1636 3800 roes,
1660 3740 1717 3789 C.
1739 3741 1773 3788 i.
1797 3743 1844 3788 ὃ.

707 3811 819 3864 Quo
840 3824 932 3868 me,
956 3808 1159 3865 Bacche,
1182 3808 1309 3871 rapis
1328 3808 1417 3865 tui,
1441 3807 1499 3855 C.
1521 3807 1588 3855 iii.
1613 3810 1692 3855 25.

708 3876 835 3933 Quo,
858 3890 953 3937 quo
975 3873 1161 3921 scelesti
1180 3873 1355 3921 mitis?
1389 3876 1473 3920 eut
1493 3886 1579 3919 cur
1600 3870 1821 3927 dexteris,
1845 3868 2001 3932 Epod.
2024 3868 2106 3917 vii.

706 3941 903 3989 Rectius
924 3938 1067 3995 vives,
1093 3937 1262 3995 Licini,
1284 3951 1443 4000 neque
1461 3937 1628 3994 altum,
1653 3935 1710 3983 C.
1733 3935 1783 3981 ii.
1813 3935 1887 3982 10.

706 4006 895 4067 Rogare
913 4005 1057 4064 longo
1078 4002 1293 4064 putidam
1316 4006 1365 4049 te
1386 4002 1561 4058 seculo,
1588 4000 1742 4062 Epod.
1765 3998 1862 4046 viii.

706 4070 934 4117 Scriberis
953 4068 1099 4116 Vario
1120 4068 1256 4114 fortis
1277 4072 1327 4113 et
1347 4066 1574 4125 hostium,
1598 4065 1654 4112 C.
1677 4064 1711 4112 i.
1735 4066 1783 4111 6.

705 4135 923 4197 Septimi,
949 4132 1105 4181 Gades
1126 4130 1311 4179 aditure
1330 4146 1519 4178 mecum
1540 4135 1606 4187 et,
1631 4130 1687 4177 C.
1711 4129 1760 4176 ii.
1785 4128 1833 4176 6.

705 4199 784 4248 Sic
804 4204 853 4247 te
873 4199 981 4245 dive
1002 4200 1172 4259 potens
1194 4196 1356 4258 Cypri,
1381 4196 1438 4244 C.
1459 4195 1491 4243 i.
1516 4197 1564 4244 3.

705 4264 917 4313 Solvitur
937 4262 1057 4309 acris
1080 4261 1233 4309 hiems
1254 4266 1391 4322 grate
1408 4260 1513 4308 viee
1533 4259 1656 4306 veria
1679 4260 1729 4305 et
1751 4255 1944 4314 Favoni,
1970 4255 2026 4303 C.
2049 4256 2083 4303 i.
2108 4257 2155 4304 4.

702 4330 775 4377 Te
796 4328 939 4375 maris
960 4332 1011 4374 et
1030 4330 1184 4374 terrae
1206 4340 1498 4387 numeroque
1520 4322 1726 4372 carentis
1746 4334 1933 4379 arenae,
1958 4320 2014 4369 C.
2039 4320 2073 4368 i.
2095 4321 2176 4369 28.

701 4394 779 4442 Tu
800 4408 861 4440 ne
882 4391 1151 4454 quaesieris,
1175 4392 1294 4439 scire
1314 4390 1463 4448 nefas,
1488 4403 1630 4451 quem
1653 4382 1785 4443 mihi,
1807 4400 1951 4451 quem
1971 4384 2077 4446 tihi,
2102 4384 2158 4434 C.
2180 4384 2214 4433 i.
2241 4386 2317 4434 11.

702 4458 952 4521 Tyrrhena
971 4472 1136 4521 regum
1158 4458 1423 4519 progenies,
1445 4454 1549 4514 tibi,
1576 4452 1632 4501 C.
1655 4452 1723 4500 iii.
1745 4453 1825 4500 29.
