3134 5125
1080 406 1460 474 EPODON
1508 408 1814 491 LIBER,
1863 412 1967 475 10.
2605 416 2730 481 299

666 580 888 645 MALA
916 579 1133 645 soluta
1159 579 1339 646 navis
1368 581 1504 647 exit
1531 581 1686 648 alite

752 676 1004 743 Ferens
1033 677 1311 743 olentem
1346 679 1712 745 Maevium:

668 775 767 841 Ut
795 775 1071 840 horridis
1100 783 1441 861 utrumque
1470 779 1768 842 verberes
1797 776 1988 857 latus,

748 874 1015 952 Auster,
1048 882 1372 939 memento
1399 874 1704 940 fluctibus
1732 881 1746 941 Ξ

667 972 865 1059 Niger
892 973 1201 1037 rudentes
1234 972 1449 1037 Eurus
1478 972 1732 1039 inverso
1760 974 1922 1038 mari
2355 994 2386 1039 5

754 1070 1157 1155 Fractosque
1186 1092 1395 1135 remos
1426 1069 1720 1146 differat3
2425 1078 2428 1083 ’

668 1168 974 1254 Insui-gat
1003 1168 1243 1253 Aquilo
1273 1176 1552 1254 quantus
1581 1170 1736 1235 altis
1763 1169 2090 1237 montibus

754 1266 1030 1353 Frangit
1060 1273 1413 1332 trementes
1441 1268 1620 1332 ilices
1644 1292 1664 1342 ;

668 1364 805 1431 Nec
836 1366 1015 1429 sidus
1044 1372 1189 1430 atra
1218 1372 1411 1431 nocte
1438 1367 1715 1431 amicum
1745 1375 2057 1454 appareat

753 1465 894 1547 Qua
922 1464 1135 1528 tristis
1167 1461 1365 1527 Orion
1397 1464 1613 1541 eadit3
2325 1482 2388 1530 ιο

666 1562 993 1645 Quietiore
1021 1583 1141 1627 nec
1168 1563 1415 1626 feratur
1442 1583 1740 1647 aequore,

752 1661 960 1743 Quam
991 1660 1191 1725 Graia
1218 1660 1534 1725 victorum
1561 1682 1806 1741 manus,

666 1758 828 1823 Cum
861 1758 1079 1821 Pallas
1107 1764 1255 1822 usto
1286 1757 1483 1823 vertit
1512 1758 1674 1821 iram
1702 1760 1785 1823 ab
1817 1756 1938 1823 Ilio

755 1855 835 1919 In
862 1854 1124 1942 impiam
1155 1855 1384 1941 Ajacis
1413 1860 1662 1920 ratem!

669 1955 725 2021 O
755 1961 1034 2040 quantus
1062 1952 1265 2019 instat
1293 1953 1529 2018 navitis
1556 1955 1754 2020 sudor
1782 1953 1932 2034 tuis,
2321 1974 2384 2021 15

752 2052 1023 2139 Tibique
1052 2051 1255 2138 pallor
1282 2051 1495 2117 luteus

664 2150 757 2217 Et
786 2150 893 2215 ina
922 2172 1051 2214 non
1080 2149 1276 2214 virilis
1304 2149 1564 2235 ejulatio

753 2248 993 2313 Preces
1020 2255 1090 2313 et
1117 2269 1411 2313 aversum
1441 2248 1525 2313 ad
1553 2248 1602 2312 J
1606 2270 1807 2329 ovem,

669 2346 889 2411 Ionius
919 2347 1047 2411 udo
1078 2368 1223 2410 eum
1250 2345 1612 2431 remugiens
1639 2346 1818 2411 sinus

755 2444 929 2509 Noto
961 2444 1243 2509 carinam
1271 2444 1554 2529 ruperit!
2316 2462 2386 2509 20

666 2542 897 2629 Opima
928 2542 1156 2629 quodsi
1184 2542 1423 2628 praeda
1452 2565 1644 2608 curvo
1673 2540 1860 2608 litore

752 2641 1067 2707 Portenta
1094 2663 1349 2728 mergos
1371 2641 1632 2727 juveriS,

666 2740 1079 2807 Libidinosus
1107 2739 1537 2806 immolabitur
1567 2761 1760 2827 caper

752 2839 849 2906 Et
875 2860 1045 2926 agua
1075 2838 1620 2926 Tempestatibus,

390 3055 467 3104 14.
500 3051 699 3116 Ajaet's]
780 3051 887 3102 'rho
920 3065 1011 3102 son
1043 3051 1101 3102 of
1132 3051 1319 3103 O'sseun.
1402 3051 1495 3102 See
1556 3051 1625 3100 iii.
1656 3051 1778 3108 1203
1812 3065 1860 3098 v.
1884 3049 2010 3109 7723
2043 3049 2137 3099 Ov.
2163 3047 2292 3100 Fut.
2323 3049 2386 3100 vi.
2421 3051 2544 3108 1933
2576 3047 2728 3100 Arist.

316 3117 444 3168 Aen.
464 3118 499 3166 i.
524 3121 605 3168 41.
1560 3117 1686 3165 Rau.
1727 3115 1958 3172 {uz—in
1990 3114 2058 3163 au
2087 3115 2242 3164 which
2275 3115 2433 3178 places
2470 3116 2556 3164 the
2586 3115 2729 3164 offer-

391 3185 466 3239 17.
502 3181 617 3244 illa]
688 3181 773 3231 He
787 3181 961 3246 speaks
978 3197 1034 3232 u
1053 3181 1241 3244 though
1262 3183 1325 3230 he
1345 3181 1495 3230 heard
1558 3183 1684 3243 inge,
1698 3195 1751 3229 as
1767 3179 1924 3242 might
1943 3179 2005 3228 be
2025 3181 2270 3242 expected,
2287 3195 2368 3229 are
2389 3181 2728 3244 deprecator-53

318 3248 405 3298 the
426 3263 541 3296 mnu
561 3247 744 3310 cry-ing.
1558 3247 1676 3296 here
1695 3246 1811 3309 they
1830 3259 1913 3294 are
1933 3245 2310 3308 thanksgivings.

386 3313 468 3362 23.
502 3313 837 3362 immolabitur
858 3312 1031 3374 caper]
1102 3311 1195 3360 See
1214 3311 1349 3374 Virg-
1367 3311 1491 3360 Aen.
