3134 5125
590 400 901 467 INDEX
950 398 1513 466 SATIRARUM
1562 398 1680 463 ΕΤ
1728 397 2432 464 EPISTOLARUM.

570 574 687 622 Ulla
708 573 749 620 si
765 573 887 634 juris
907 571 995 619 fibi
1018 571 1233 634 peierati,
1258 571 1315 620 C.
1336 571 1387 618 ii.
1411 572 1460 619 8.

572 639 710 687 Uxor
731 636 953 700 pauperis
974 636 1125 699 Ibyci,
1150 636 1207 684 C.
1231 636 1298 684 iii.
1325 637 1403 683 15.

572 703 727 750 Velox
748 717 1005 750 amoenum
1028 716 1169 764 saepe
1191 701 1497 757 Lucrefflem,
1522 699 1579 748 C.
1601 701 1634 748 i.
1663 701 1739 756 17.

572 768 735 825 Vides,
762 771 817 814 ut
838 767 937 814 alta
958 770 1053 814 stet
1074 767 1184 813 nive
1205 765 1476 822 candidum,
1500 765 1557 813 C.
1581 765 1613 813 i.
1637 767 1686 814 9.

570 833 681 879 Vile
702 831 892 894 potabis
914 830 1111 878 modicis
1134 830 1381 888 Sabinum,
1405 829 1463 877 C.
1486 829 1523 876 i.
1546 832 1627 878 20.

571 897 711 944 Vitas
733 896 963 944 hinnuleo
986 911 1065 942 me
1086 895 1268 952 similis,
1292 894 1460 952 Chloe,
1485 894 1541 942 C.
1564 894 1599 942 i.
1623 896 1703 943 23.

572 961 685 1010 Vixi
705 961 877 1024 puellis
897 975 1053 1023 nuper
1072 959 1288 1019 idoneus,
1311 959 1369 1007 C.
1391 959 1457 1006 iii.
1482 959 1562 1008 26.
1657 997 1667 1004 .

1196 1187 1281 1246 II.
1332 1184 1856 1244 SATIRARUM.

576 1327 955 1378 Ambubaiamm
978 1327 1191 1389 collegia,
1214 1327 1625 1389 pharmacopolae,
1648 1326 1731 1374 lib.
1749 1327 1782 1374 i.
1801 1329 1850 1375 2.

578 1395 835 1455 Egressum
859 1407 1033 1453 magna
1054 1407 1133 1439 me
1154 1392 1341 1453 excepit
1362 1391 1521 1438 Aricia
1543 1392 1712 1449 Roma,
1737 1391 1820 1438 lib.
1841 1392 1876 1439 i.
1900 1396 1948 1441 5.

578 1459 778 1520 Eupolis
800 1462 947 1519 atque
968 1457 1192 1504 Cratinus
1214 1455 1654 1518 Aristophanesque
1673 1459 1861 1518 poetae,
1883 1457 1966 1504 lib.
1989 1456 2024 1504 i.
2046 1461 2095 1507 4.

580 1523 691 1571 Hoc
712 1526 814 1570 erat
834 1522 887 1568 iu
906 1522 1059 1569 votis:
1096 1521 1267 1568 modus
1286 1521 1387 1581 agri
1408 1521 1598 1568 nonita
1617 1536 1834 1582 magnus,
1855 1520 1938 1568 lib.
1961 1522 2012 1569 ii.
2036 1525 2084 1570 6.

580 1588 691 1636 noc
714 1600 921 1650 quoque,
944 1586 1141 1644 'lii-esis,
1164 1589 1352 1648 praeter
1372 1589 1563 1632 narrata
1584 1586 1782 1647 petenti,
1805 1585 1887 1632 lib.
1910 1586 1960 1634 ii.
1985 1589 2032 1633 5.

582 1651 719 1700 Ibam
743 1651 867 1698 forte
886 1651 964 1699 via
987 1651 1144 1708 Sacra,
1168 1651 1292 1698 sicut
1312 1665 1448 1696 meus
1470 1655 1543 1697 est
1562 1664 1684 1707 mos,
1706 1649 1791 1697 lib.
1811 1650 1846 1697 i.
1869 1653 1917 1699 9.

580 1716 876 1766 Jamdudum
898 1717 1112 1764 ausculto
1133 1721 1183 1763 et
1204 1714 1400 1777 cupiens
1420 1714 1509 1761 tibi
1530 1715 1686 1762 dicere
1707 1729 1884 1771 servus,
1905 1714 1991 1762 lib.
2013 1714 2063 1762 ii.
2086 1717 2133 1770 7.

581 1782 773 1843 Nempe
793 1781 1111 1842 incompodto
1132 1779 1231 1826 dixi
1251 1779 1373 1843 pede
1394 1793 1582 1826 currere
1600 1793 1780 1835 versus,
1801 1779 1884 1827 lib.
1907 1780 1940 1826 i.
1968 1781 2042 1828 10.

579 1846 697 1894 Non
720 1845 846 1908 quia,
868 1845 1140 1901 Maecenas,
1164 1844 1407 1907 Lydorum
1429 1843 1661 1906 quidquid
1683 1843 1924 1900 Etruscos,
1945 1844 2029 1891 lib.
2051 1844 2086 1891 i.
2109 1846 2156 1892 6.

582 1909 714 1966 Olim
736 1915 936 1957 truncus
958 1924 1087 1956 eram
1110 1909 1332 1962 ficulnus,
1354 1908 1523 1955 inutile
1545 1909 1744 1970 lignum,
1767 1908 1852 1956 lib.
1875 1909 1908 1955 i.
1933 1910 1980 1956 8.

581 1973 823 2022 Omnibus
843 1974 937 2021 hoc
956 1975 1127 2021 vitium
1149 1978 1223 2021 est
1244 1971 1531 2030 cantoribus,
1554 1973 1682 2019 inter
1701 1973 1894 2031 amicos,
1917 1973 1999 2022 lib.
2024 1973 2056 2020 i.
2073 1975 2122 2021 3.

582 2039 843 2101 Proscripti
864 2039 1008 2099 Regis
1032 2037 1195 2100 Rupili
1218 2053 1309 2101 pus
1330 2041 1475 2099 atque
1496 2051 1750 2094 venenum,
1773 2037 1856 2084 lib.
1878 2038 1912 2084 i.
1936 2038 1984 2093 7.

587 2103 731 2156 Quae,
745 2103 897 2151 virtus
918 2108 969 2151 et
990 2107 1185 2164 quauta,
1208 2101 1340 2161 boni,
1364 2103 1427 2149 sit
1446 2102 1606 2149 vivere
1627 2116 1788 2164 parvo,
1810 2101 1894 2149 lib.
1915 2103 1964 2150 ii.
1989 2105 2036 2150 2.

584 2167 683 2220 Qui
704 2169 777 2225 fit,
799 2167 1073 2224 Maecenas,
1096 2171 1153 2214 ut
1172 2181 1332 2223 nemo,
1357 2181 1502 2228 quam
1522 2167 1614 2214 sibi
1635 2171 1830 2222 sortem,
1853 2165 1937 2214 lib.
1961 2166 1994 2214 i.
2028 2168 2071 2214 l.

586 2233 667 2280 Sic
686 2247 793 2279 raro
816 2232 995 2287 scribis,
1017 2237 1073 2279 ut
1093 2235 1199 2280 toto
1220 2246 1321 2279 non
1342 2235 1512 2294 quater
1532 2245 1675 2288 anno,
1698 2231 1782 2277 lib.
1807 2231 1854 2278 ii.
1873 2233 1921 2280 3.

586 2297 727 2354 Sunt,
752 2295 926 2359 quibus
945 2297 999 2343 in
1021 2297 1167 2344 satira
1186 2296 1350 2343 videor
1370 2295 1513 2342 nimis
1533 2310 1643 2343 acer
1661 2301 1714 2343 et
1734 2295 1876 2352 ulis-a,
1897 2295 1980 2344 lib.
2003 2294 2054 2342 ii.
2083 2296 2127 2343 1.

586 2361 734 2409 Unde
755 2367 806 2408 et
828 2375 924 2423 quo
948 2361 1150 2409 Catius?
1217 2361 1333 2408 Non
1354 2364 1429 2407 est
1450 2359 1568 2406 mihi
1591 2365 1784 2423 tempus
1805 2361 1981 2419 aventi,
2004 2360 2087 2408 lib.
2103 2360 2153 2407 ii.
2169 2362 2219 2408 4.

586 2426 661 2474 Ut
681 2425 931 2474 Nasidieni
948 2426 1075 2487 juvit
1094 2430 1145 2474 te
1165 2439 1315 2473 coena
1334 2424 1476 2482 beati,
1502 2424 1586 2472 ub.
1609 2425 1660 2472 ii.
1685 2426 1732 2472 s.

1127 2650 1244 2709 111.
1290 2648 1919 2709 EPISTOLARUM.

585 2791 715 2851 Albi,
738 2794 1013 2839 nostrorum
1036 2805 1311 2839 sermonum
1334 2790 1533 2839 candide
1548 2790 1712 2852 judex,
1736 2788 1816 2837 lib.
1841 2789 1874 2837 i.
1897 2792 1946 2837 4.

589 2857 729 2905 Celso
751 2857 956 2917 gaudere
979 2861 1030 2903 et
1052 2856 1174 2903 bene
1195 2871 1295 2902 rem
1320 2870 1483 2916 gerere
1504 2854 1824 2911 AlbinovanO,
1847 2854 1930 2901 lib.
1953 2853 1984 2901 i.
2008 2855 2056 2902 8.

588 2922 713 2969 Cum
736 2926 811 2969 tot
831 2920 1063 2968 sustineas
1085 2926 1135 2967 ct
1157 2924 1293 2967 tanta
1310 2920 1503 2980 negotia
1522 2920 1668 2976 solus,
1691 2918 1776 2965 lib.
1799 2918 1850 2965 ii.
1877 2920 1920 2965 1.

588 2986 746 3044 Flore,
770 2985 899 3032 bono
916 2985 1137 3047 claroque
1159 2984 1313 3031 fidelis
1334 2985 1485 3031 amice
1508 2983 1708 3041 Neroni,
1732 2982 1814 3029 lib.
1837 2982 1888 3030 ii.
1913 2985 1961 3031 2.

588 3050 843 3097 Frontibus
867 3050 1107 3112 Agrippae
1130 3048 1316 3105 Siculis,
1340 3064 1461 3111 quos
1484 3048 1682 3109 colligis,
1707 3046 1821 3103 leci,
1844 3047 1928 3094 lib.
1950 3048 1983 3095 i.
2011 3050 2087 3096 12.

591 3115 821 3162 Humano
844 3115 988 3175 capiti
1010 3115 1238 3161 cervicem
1260 3114 1414 3175 pictor
1435 3113 1676 3175 equinam,
1702 3111 1760 3159 A.
1787 3111 1841 3157 P.

587 3178 690 3227 Juli
712 3178 867 3236 Flore,
891 3178 1065 3240 quibus
1086 3182 1317 3225 terrarum
1342 3178 1518 3225 militet
1539 3178 1651 3232 oris,
1674 3176 1759 3223 lib.
1781 3173 1814 3222 i.
1837 3176 1886 3223 3.

589 3242 669 3291 Ne
690 3243 1001 3305 perconteris,
1025 3242 1203 3289 fundus
1227 3256 1375 3299 meus,
1398 3243 1581 3303 optime
1605 3240 1816 3297 Quincti,
1834 3239 1916 3286 lib.
1940 3238 1973 3287 i.
2003 3241 2080 3288 16.

590 3307 677 3354 Nil
696 3307 918 3355 admirari
940 3322 1090 3370 prope
1111 3320 1188 3353 res
1209 3312 1284 3353 est
1305 3321 1416 3364 una,
1441 3306 1654 3362 Numici,
1677 3305 1759 3353 lib.
1783 3305 1816 3351 i.
1842 3305 1888 3351 6.

592 3372 753 3419 Prima
773 3372 899 3418 dicte
921 3372 1055 3428 mihi,
1080 3386 1268 3418 summa
1288 3371 1486 3417 dicende
1509 3370 1735 3427 Camena,
1759 3369 1842 3416 lib.
1866 3368 1899 3416 i.
1928 3370 1970 3416 l.

594 3436 754 3483 Prisco
776 3436 818 3483 si
838 3436 1005 3493 credis,
1029 3435 1285 3483 Maecenas
1307 3436 1462 3491 docte,
1486 3434 1699 3492 Cratino,
1721 3434 1805 3481 lib.
1829 3434 1862 3481 i.
1891 3434 1966 3483 19.

593 3500 733 3552 Quae
754 3500 818 3547 sit
838 3500 992 3547 hiems
1012 3500 1195 3557 Veliae,
1218 3498 1347 3561 quod
1370 3500 1572 3555 caelum,
1595 3500 1732 3556 Vela,
1757 3498 1955 3556 Salerni,
1978 3497 2062 3544 lib.
2089 3497 2119 3544 i.
2149 3498 2224 3544 15.

590 3564 837 3621 Quamvis,
863 3565 1053 3621 Scaeva,
1077 3564 1192 3611 satis
1214 3578 1299 3626 per
1322 3568 1371 3611 te
1390 3563 1481 3611 tibi
1502 3564 1711 3611 consulis
1731 3568 1784 3609 et
1804 3564 1911 3620 scis,
1932 3563 2016 3610 lib.
2039 3563 2072 3609 i.
2100 3564 2176 3617 17.

593 3630 722 3681 Quid
744 3628 833 3675 tibi
854 3629 953 3675 visa
975 3628 1137 3684 Chios,
1163 3628 1356 3685 Bullati,
1379 3632 1592 3690 notaque
1615 3627 1811 3685 Lesbos,
1836 3627 1919 3674 lib.
1943 3628 1975 3674 i.
2007 3628 2080 3675 ll.

592 3693 820 3755 Quinque
841 3693 942 3739 dies
964 3693 1053 3740 tibi
1074 3692 1311 3755 pollicitus
1334 3708 1413 3740 me
1433 3707 1543 3739 rure
1564 3692 1797 3748 futurum,
1820 3691 1904 3738 lib.
1926 3692 1961 3738 i.
1985 3692 2034 3747 7.

593 3757 869 3819 Septimius,
895 3758 1081 3812 Claudi,
1105 3757 1330 3805 nimirum
1352 3758 1575 3817 intelligit
1596 3770 1738 3813 unus,
1759 3755 1844 3802 lib.
1865 3756 1900 3802 i.
1924 3758 1973 3805 9.

593 3822 643 3869 Si
666 3822 789 3869 bene
810 3826 859 3869 te
882 3822 1008 3877 novi,
1034 3826 1235 3877 metues,
1258 3821 1496 3869 liberrime
1519 3820 1662 3877 Lolli,
1686 3820 1770 3867 lib.
1793 3820 1825 3866 i.
1852 3822 1930 3869 18.

594 3886 645 3933 Si
666 3890 804 3949 potes
826 3886 1071 3933 Archiacis
1092 3886 1289 3933 conviva
1308 3883 1586 3933 recumbere
1607 3885 1758 3942 lectis,
1780 3884 1864 3931 lib.
1889 3884 1921 3931 i.
1945 3886 1994 3931 5.

591 3950 791 4011 Trojani
810 3949 925 3997 belli
948 3950 1243 4011 scriptorem,
1270 3951 1476 3997 maxime
1498 3950 1643 4005 Lolli,
1667 3949 1750 3997 lib.
1772 3949 1806 3996 i.
1832 3952 1878 3997 2.

593 4014 743 4063 Urbis
766 4020 1027 4062 amatorem
1052 4014 1259 4061 Fuscum
1281 4016 1459 4062 salvere
1474 4014 1718 4075 jubemus,
1742 4013 1825 4061 lib.
1848 4014 1881 4060 i.
1911 4014 1986 4061 10.

594 4079 668 4127 Ut
689 4080 1067 4141 proficiscentem
1091 4079 1232 4126 docui
1254 4082 1303 4126 te
1326 4094 1465 4140 saepe
1488 4078 1681 4141 diuque,
1706 4078 1787 4125 lib.
1810 4079 1844 4125 i.
1874 4080 1948 4125 13.

592 4143 914 4190 Vertumnum
936 4142 1230 4205 Jannmque,
1254 4144 1389 4199 liber,
1414 4148 1627 4205 spectare
1647 4142 1836 4199 videriS,
1859 4143 1941 4189 lib.
1965 4142 1998 4189 i.
2023 4144 2103 4191 20.

590 4208 746 4256 Vilice
768 4208 987 4257 silvarum
1012 4213 1061 4255 et
1082 4208 1198 4253 mihi
1222 4223 1299 4254 me
1319 4208 1561 4254 reddentis
1584 4208 1738 4267 agelli,
1762 4207 1845 4254 lib.
1869 4207 1901 4253 i.
1931 4210 2004 4254 14.

2583 399 2710 466 733
