3134 5125
330 1015 575 1143 ἷξὶέἔῖιρ
612 1081 665 1128 in
697 1095 727 1127 a
758 1080 882 1128 knot
912 1079 1009 1128 like
1044 1095 1077 1128 a
1112 1079 1217 1141 girl.
1284 1079 1505 1127 Valerius
1568 1078 1694 1127 from
1746 1079 1955 1137 Horace,
2010 1081 2269 1142 ιιιίεωςίιις
2321 1095 2378 1130 οι·
2425 1081 2630 1142 alten-ing
2681 1082 2746 1130 its

334 1145 534 1194 Flaccus
566 1159 677 1192 uses
711 1144 753 1192 it
784 1145 837 1192 in
867 1145 953 1193 the
985 1145 1125 1192 other
1158 1159 1313 1202 senx,
1346 1142 1504 1192 which

333 1209 695 1338 Ffflffp
683 1209 1209 1331 mnftffssstzmssfflz‘?
1224 1209 1503 1322 ”ssffssszm

361 1341 541 1404 Argon.

1093 372 1474 440 EPODON
1522 371 1829 452 LIBER,
1878 377 1980 438 12.

593 544 790 610 Unde
818 544 1117 631 expedire
1146 568 1274 610 non
1302 545 1655 610 amicorum
1683 552 1921 632 queant
2417 565 2485 614 2⁵

682 644 917 708 Libera
946 643 1207 708 consilia
1236 666 1354 708 nec
1388 644 1808 709 contumeliae
1836 666 2084 730 graveS,

595 742 722 806 Sed
752 742 913 806 alius
940 741 1133 805 ardor
1160 749 1276 807 aut
1304 742 1549 828 puellae
1580 741 1884 808 candidae

680 839 822 904 Aut
851 838 1080 904 teretis
1109 839 1291 926 pueri
1318 839 1575 926 longam
1603 841 1977 906 renodantis
2008 862 2276 905 comam.

2617 379 2745 444 303

544 1029 677 1077 upon
712 1014 790 1062 his
824 1011 1111 1073 chofides-s?
1144 1027 1311 1062 means
1340 1013 1505 1061 rather
1569 1028 1666 1076 any
1686 1013 1846 1063 where
1879 1015 1996 1074 else,
2018 1015 2226 1078 perhaps
2256 1015 2355 1064 this
2375 1016 2537 1064 writer
2565 1015 2684 1064 took
2705 1016 2747 1064 it

560 1355 609 1389 v.
632 1339 774 1404 381).
838 1340 908 1390 As
930 1339 1015 1388 the
1026 1339 1195 1388 word·
1181 1353 1224 1388 ιε
1242 1343 1334 1388 not
1352 1337 1506 1388 found

1160 1832 1647 1906 CARMEN
1721 1834 1920 1908 XII.

596 2027 775 2110 Qun>
804 2028 924 2094 tibi
954 2029 1068 2110 vis,
1102 2029 1326 2094 mulier
1355 2028 1557 2115 nigris
1588 2029 1960 2115 dignissima
1989 2030 2234 2095 barris?

684 2126 962 2191 Munera
991 2126 1143 2214 quid
1172 2126 1328 2190 mihi
1358 2126 1587 2213 quidve
1617 2127 1886 2192 tabellas

597 2222 819 2289 Mittis
847 2244 964 2288 nec
994 2223 1179 2287 firmo
1204 2224 1422 2308 juveni
1453 2246 1659 2310 neque
1687 2225 1856 2290 naris
1885 2227 2158 2291 obesae?

682 2321 975 2408 Namque
1004 2321 1300 2408 sagacius
1330 2344 1495 2387 unus
1524 2323 1773 2401 odoror,

596 2419 881 2506 Polypus
910 2442 994 2484 an
1021 2419 1236 2506 gravis
1266 2419 1531 2485 hirsutis
1566 2422 1762 2487 cubet
1790 2419 2008 2486 hircus
2035 2421 2102 2486 in
2131 2421 2268 2502 alie,
2457 2438 2487 2485 5

678 2519 889 2601 Quam
920 2519 1095 2585 canis
1123 2540 1274 2584 acer
1300 2518 1413 2584 ubi
1440 2519 1642 2585 lateat
1671 2541 1802 2586 sus.

595 2616 721 2700 Qui
748 2618 944 2682 sudor
971 2618 1158 2683 vietis
1188 2626 1256 2683 et
1284 2640 1475 2703 quam
1503 2619 1707 2683 malus
1736 2619 2012 2705 undique
2041 2619 2340 2684 membris

680 2715 933 2781 Crescit
960 2717 1139 2793 odor,
1170 2738 1315 2780 cum
1344 2737 1506 2802 pene
1536 2717 1750 2781 soluto

596 2812 986 2879 Indomitum
1014 2822 1317 2901 properat
1345 2815 1590 2879 rabiem
1617 2815 1889 2889 sedare3
1937 2837 2141 2903 neque
2169 2814 2258 2879 illi

678 2911 729 2975 J
731 2934 837 2976 am
864 2919 1083 2978 manet
1112 2912 1372 2978 humida
1401 2920 1580 2978 creta
1609 2913 1906 2999 colorque
2425 2932 2490 2978 ιο

596 3010 893 3077 Stercore
924 3012 1183 3077 fucatus
1212 3012 1529 3093 crocodili,
1556 3013 1817 3099 jamque
1848 3013 2135 3078 subando

680 3110 889 3175 Teuta
919 3110 1149 3175 cubilia
1178 3117 1483 3197 tectaque
1515 3111 1792 3196 rumpit!

596 3205 723 3273 Vel
750 3231 895 3273 mea
924 3230 1071 3273 cum
1098 3210 1305 3275 saevis
1335 3210 1545 3297 agitat
1575 3209 1834 3275 fastidia
1861 3209 2106 3275 verbis:

682 3305 947 3371 Inachia
974 3306 1241 3393 langues
1268 3308 1479 3373 minus
1508 3330 1586 3371 ac
1615 3328 1716 3371 me
1739 3335 1756 3384 ;

597 3403 924 3469 Inachiam
952 3410 1054 3471 ter
1081 3413 1270 3471 nocte
1300 3413 1505 3491 potes,
1536 3405 1690 3469 mihi
1721 3426 1973 3491 semper
1999 3406 2084 3469 ad
2113 3426 2306 3469 unum
2422 3421 2484 3468 15

684 3502 903 3567 Mollis
934 3524 1115 3590 opus.
1208 3502 1448 3569 Pereat
1474 3504 1640 3569 male
1671 3526 1832 3591 quae
1861 3510 1930 3568 te

596 3600 833 3667 Lesbia
860 3602 1191 3687 quaerenti
1221 3608 1477 3667 taurum
1506 3601 1888 3667 monstravit
1917 3602 2205 3681 inertem,

681 3699 843 3763 Cum
872 3699 1027 3763 mihi
1060 3700 1229 3765 Cous
1258 3702 1517 3765 adesset
1546 3700 1886 3786 Amyntae,

594 3795 794 3882 Cujus
822 3796 890 3860 in
918 3796 1225 3863 indomito
1258 3797 1658 3863 constantior
1687 3797 1944 3883 inguine
1971 3818 2200 3861 nervus

682 3898 891 3979 Quam
918 3919 1083 3961 nova
1114 3898 1378 3961 collibus
1404 3898 1596 3961 arbor
1622 3897 1932 3962 inhaeret.
2417 3914 2488 3959 20

598 3992 959 4059 Muricibus
990 3994 1200 4077 Tyriis
1228 3994 1500 4059 iteratae
1528 3994 1764 4060 vellera
1789 3996 1974 4061 lanae

684 4092 803 4157 Cui
832 4096 1379 4179 properabantur3
1424 4092 1567 4158 Tibi
1596 4116 1842 4180 nempe,

597 4191 660 4254 N
662 4214 697 4256 e
724 4192 893 4256 foret
919 4192 1215 4277 aequales
1245 4192 1412 4255 inter
1441 4191 1722 4270 conviva,
1756 4192 1960 4281 magis
1989 4213 2179 4279 quem

682 4288 1003 4377 Diligeret
1030 4289 1256 4353 mulier
1284 4312 1402 4353 sua
1433 4311 1622 4376 quam
1653 4296 1740 4355 te.

596 4386 655 4452 Ο
684 4411 809 4476 ego
838 4410 968 4452 non
996 4388 1165 4465 felix,
1198 4410 1390 4475 quam
1419 4396 1492 4454 tu
1521 4388 1690 4475 fugis
1717 4394 1793 4453 ut
1820 4396 2013 4476 pavet
2039 4408 2222 4453 acres
2417 4404 2484 4451 25

683 4486 877 4575 Agna
904 4486 1091 4575 lupos
1121 4509 1513 4574 capreaeque
1542 4487 1795 4553 leones!

1566 1145 1810 1208 meaning.
1879 1145 1906 1194 1
1929 1145 2066 1193 find‘
2083 1145 2374 1194 renidentis'
2395 1146 2450 1194 in
2481 1145 2567 1194 tho
2586 1146 2745 1194 Vene-

1567 1209 1671 1258 tian
1704 1210 1884 1258 edition
1919 1209 1976 1259 of
1997 1211 2136 1268 1483,
2169 1210 2265 1259 and
2289 1211 2472 1258 Gesner
2505 1211 2746 1259 mentions

1567 1273 1676 1322 that
1712 1275 1908 1336 reading
1935 1275 2062 1322 from
2104 1244 2188 1323 the
2219 1275 2454 1324 Bodleian
2486 1275 2616 1334 MS„
2653 1275 2745 1324 but

1568 1339 1709 1388 there
1729 1339 1771 1388 is
1793 1355 1858 1389 no
1871 1339 2048 1403 weight
2067 1343 2121 1389 to
2144 1340 2206 1388 be
2227 1340 2450 1390 auached
2469 1343 2523 1389 to
2543 1340 2597 1389 it.
